% myref.bib
@article{alexnet,
    author = {Alex Krizhevsky $\And$ Ilya Sutskever $\And$ Geoffrey E. Hinton},
    title = {ImageNet Classific, n with Deep Convolutional Neural Networks},
    year = 2012,
}

@article{resnet,
    author = {Kaiming He $\And$ Xiangyu Zhang $\And$ Shaoqing Ren $\And$ Jian Sun},
    title = {Deep Residual Learning for Image Recognition},
    year = 2015,
}
    
@article{densenet,
    author = {Gao Huang $\And$ Zhuang Liu $\And$ Laurens van der Maaten $\And$ Kilian Q. Weinberger},
    title = {Densely Connected Convolutional Networks},
    year = 2016,
}

@article{cnn_intro,
    author = {Diego Junco}, 
    title = {Introduction to Convolutional Neural Networks},
    year = 2021,
}

@article{cnn_project,
    author = {B V SATYA SAI $\And$ S APUROOP $\And$ S MOUNIKA $\And$ D SAI KUMAR},
    title = {Identification of Bird Species using Convolution Neural Networks},
    year = 2020
}

@article{cnn_advan,
    author = {Arden Dertat},
    title = {Applied Deep Learning - Part 4: Convolutional Neural Networks},
    year = 2017
}

@article{adam,
    author = {Vitaly Bushaev},
    title = {Adam â€” latest trends in deep learning optimization}}
    
@article{ir,
        author = {Wikipedia},
        title = {Image retrieval}}
        
@article{bn,
        author = {Johann Huber},
        title = {Batch normalization in 3 levels of understanding}}